<?xml version="1.0" encoding="UTF-8"?><collection xmlns="http://www.loc.gov/MARC21/slim"><record><leader>00415nam--2200133-i-4500</leader><controlfield tag="001">000009961</controlfield><controlfield tag="002">20161230</controlfield><controlfield tag="005">20161230201028</controlfield><controlfield tag="008">060222s1000------------r-----000-0-eng-d</controlfield><datafield ind1=" " ind2=" " tag="100"><subfield code="a">Diebel, John Crockett</subfield></datafield><datafield ind1=" " ind2=" " tag="245"><subfield code="a">Optimal and suboptimal filtering for discrete-time processes with uncertain observations. thesis</subfield></datafield><datafield ind1=" " ind2=" " tag="260"><subfield code="a">Ann Arbor, Michigan, University Microfilms, 1970</subfield></datafield><datafield ind1=" " ind2=" " tag="490"><subfield code="a">Vi+98p</subfield></datafield><datafield ind1=" " ind2=" " tag="852"><subfield code="a">621.372.54</subfield></datafield></record></collection>